<?xml version="1.0" encoding="UTF-8"?><collection xmlns="http://www.loc.gov/MARC21/slim"><record><leader>00401nam--2200121-i-4500</leader><controlfield tag="001">000041858</controlfield><controlfield tag="002">20161230</controlfield><controlfield tag="005">20161230201043</controlfield><controlfield tag="008">060222s1000------------r-----000-0-eng-d</controlfield><datafield ind1=" " ind2=" " tag="100"><subfield code="a">Slodzian,George</subfield></datafield><datafield ind1=" " ind2=" " tag="245"><subfield code="a">Etude d`une methode d`analyse locale chimique et isotopique utilisant l`emission ionque secondaire.these</subfield></datafield><datafield ind1=" " ind2=" " tag="260"><subfield code="a">Paris, La Faculte De Sciences De L`Univ.,1964. 58 P.+ 24 Fig</subfield></datafield><datafield ind1=" " ind2=" " tag="852"><subfield code="a">22816</subfield></datafield></record></collection>